@book{kudrass01,
  AUTHOR       = {Kudraß, Thomas},
  TITLE        = {Taschenbuc Datenbanken},
  PUBLISHER    = {Fachbuchverlag Leipzig im Carl Hanser Verlag},
  YEAR         = {2015},
}
@book{redmont01,
  AUTHOR       = {Redmond, Eric},
  AUTHOR       = {Wilson, Jim R.},
  TITLE        = {Sieben Wochen, sieben Datenbanken},
  PUBLISHER    = {O'Reilly Verlag},
  YEAR         = {2012},
}
@online{jaxenter01,
  author = {Christian Mennerich, Joachim Arrasz},
  title = {Eine kleine Reise durch NoSQL: NewSQL und Ausblick},
  year = 2015,
  url = {https://jaxenter.de/eine-kleine-reise-durch-nosql-newsql-und-ausblick-28787},
  urldate = {2015-11-25}
}
@online{AWS_doc,
  author = {AWS},
  title = {Definition der Dokumentdatenbank},
  year = 2020,
  url = {https://aws.amazon.com/de/nosql/document/},
  urldate = {2020-12-13}
}
@online{AWS_graph,
  author = {AWS},
  title = {Definition der Graphdatenbank},
  year = 2020,
  url = {https://aws.amazon.com/de/nosql/graph/},
  urldate = {2020-12-13}
}

@online{AWS_keyvalue,
  author = {AWS},
  title = {Definition der Schlüssel-Werte-Datenbank},
  year = 2020,
  url = {https://aws.amazon.com/de/nosql/key-value/},
  urldate = {2020-12-13}
}

@online{ADB_benchmark,
  author = {ArangoDB},
  title = {NoSQL Performance Benchmark 2018 – MongoDB, PostgreSQL, OrientDB, Neo4j and ArangoDB},
  year = 2018,
  url = {https://www.arangodb.com/2018/02/nosql-performance-benchmark-2018-mongodb-postgresql-orientdb-neo4j-arangodb/},
  urldate = {2018-02-14}
}

